@article{knuth84,
  author = {Knuth, Donald E.},
  title = {Literate Programming},
  year = {1984},
  issue_date = {May 1984},
  publisher = {Oxford University Press, Inc.},
  address = {USA},
  volume = {27},
  number = {2},
  issn = {0010-4620},
  url = {https://doi.org/10.1093/comjnl/27.2.97},
  doi = {10.1093/comjnl/27.2.97},
  journal = {Comput. J.},
  month = may,
  pages = {97â€“111},
  numpages = {15}
}



@article{alam2006,
	title = {Geometry of Diffusion and the Performance Limits of Nanobiosensors},
	author = {Alam, Muhammad},
	year = {2006},
	date = {2006}
}

@article{keizer2013,
	title = {Modeling and Simulation Workbench for NONMEM: Tutorial on Pirana, PsN, and Xpose},
	author = {Keizer, R J and Karlsson, M O and Hooker, A},
	year = {2013},
	month = {06},
	date = {2013-06},
	journal = {CPT: Pharmacometrics & Systems Pharmacology},
	pages = {e50},
	volume = {2},
	number = {6},
	doi = {10.1038/psp.2013.24},
	url = {https://www.ncbi.nlm.nih.gov/pmc/articles/PMC3697037/},
	note = {PMID: 23836189
PMCID: PMC3697037}
}

@article{keutzer2022,
	title = {Machine Learning and Pharmacometrics for Prediction of Pharmacokinetic Data: Differences, Similarities and Challenges Illustrated with Rifampicin},
	author = {Keutzer, Lina and You, Huifang and Farnoud, Ali and Nyberg, Joakim and Wicha, Sebastian G. and Maher-Edwards, Gareth and Vlasakakis, Georgios and Moghaddam, Gita Khalili and Svensson, Elin M. and Menden, Michael P. and Simonsson, Ulrika S. H.},
	year = {2022},
	month = {07},
	date = {2022-07-22},
	journal = {Pharmaceutics},
	pages = {1530},
	volume = {14},
	number = {8},
	doi = {10.3390/pharmaceutics14081530},
	url = {https://www.ncbi.nlm.nih.gov/pmc/articles/PMC9330804/},
	note = {PMID: 35893785
PMCID: PMC9330804}
}
